@article{Dvorkin:2013cea,
      author         = "Dvorkin, Cora and Blum, Kfir and Kamionkowski, Marc",
      title          = "{Constraining Dark Matter-Baryon Scattering with Linear
                        Cosmology}",
      journal        = "Phys. Rev.",
      volume         = "D89",
      year           = "2014",
      number         = "2",
      pages          = "023519",
      doi            = "10.1103/PhysRevD.89.023519",
      eprint         = "1311.2937",
      archivePrefix  = "arXiv",
      primaryClass   = "astro-ph.CO",
      SLACcitation   = "%%CITATION = ARXIV:1311.2937;%%"
}

@article{Xu:2018efh,
      author         = "Xu, Weishuang Linda and Dvorkin, Cora and Chael, Andrew",
      title          = "{Probing sub-GeV Dark Matter-Baryon Scattering with
                        Cosmological Observables}",
      journal        = "Phys. Rev.",
      volume         = "D97",
      year           = "2018",
      number         = "10",
      pages          = "103530",
      doi            = "10.1103/PhysRevD.97.103530",
      eprint         = "1802.06788",
      archivePrefix  = "arXiv",
      primaryClass   = "astro-ph.CO",
      SLACcitation   = "%%CITATION = ARXIV:1802.06788;%%"
}

@article{Aghanim:2018eyx,
      author         = "Aghanim, N. and others",
      title          = "{Planck 2018 results. VI. Cosmological parameters}",
      collaboration  = "Planck",
      year           = "2018",
      eprint         = "1807.06209",
      archivePrefix  = "arXiv",
      primaryClass   = "astro-ph.CO",
      SLACcitation   = "%%CITATION = ARXIV:1807.06209;%%"
}

@article{greenwade93,
    author  = "George D. Greenwade",
    title   = "The {C}omprehensive {T}ex {A}rchive {N}etwork ({CTAN})",
    year    = "1993",
    journal = "TUGBoat",
    volume  = "14",
    number  = "3",
    pages   = "342--351"
}

@article{2016MNRAS.460.1399V,
	Adsnote = {Provided by the SAO/NASA Astrophysics Data System},
	Adsurl = {http://adsabs.harvard.edu/abs/2016MNRAS.460.1399V},
	Archiveprefix = {arXiv},
	Author = {{Vogelsberger}, M. and {Zavala}, J. and {Cyr-Racine}, F.-Y. and {Pfrommer}, C. and {Bringmann}, T. and {Sigurdson}, K.},
	Date-Added = {2016-08-25 17:15:33 +0000},
	Date-Modified = {2016-08-25 17:15:33 +0000},
	Doi = {10.1093/mnras/stw1076},
	Eprint = {1512.05349},
	Journal = {\mnras},
	Keywords = {methods: numerical, galaxies: haloes, dark matter},
	Month = aug,
	Pages = {1399-1416},
	Title = {{ETHOS - an effective theory of structure formation: dark matter physics as a possible explanation of the small-scale CDM problems}},
	Volume = 460,
	Year = 2016,
	Bdsk-Url-1 = {http://dx.doi.org/10.1093/mnras/stw1076}}


@article{Cyr-Racine:2015ihg,
	Adsnote = {Provided by the SAO/NASA Astrophysics Data System},
	Adsurl = {http://adsabs.harvard.edu/abs/2016PhRvD..93l3527C},
	Archiveprefix = {arXiv},
	Author = {{Cyr-Racine}, F.-Y. and {Sigurdson}, K. and {Zavala}, J. and {Bringmann}, T. and {Vogelsberger}, M. and {Pfrommer}, C.},
	Date-Added = {2016-08-25 16:18:11 +0000},
	Date-Modified = {2018-11-16 16:19:49 +0100},
	Doi = {10.1103/PhysRevD.93.123527},
	Eid = {123527},
	Eprint = {1512.05344},
	Journal = {Phys. Rev.},
	Month = jun,
	Number = 12,
	Pages = {123527},
	Title = {{ETHOS -- an effective theory of structure formation: From dark particle physics to the matter distribution of the Universe}},
	Volume = {D93},
	Year = 2016,
	Bdsk-Url-1 = {http://dx.doi.org/10.1103/PhysRevD.93.123527}}

@article{Krall:2017xcw,
      author         = "Krall, Rebecca and Cyr-Racine, Francis-Yan and Dvorkin,
                        Cora",
      title          = "{Wandering in the Lyman-alpha Forest: A Study of Dark
                        Matter-Dark Radiation Interactions}",
      journal        = "JCAP",
      volume         = "1709",
      year           = "2017",
      number         = "09",
      pages          = "003",
      doi            = "10.1088/1475-7516/2017/09/003",
      eprint         = "1705.08894",
      archivePrefix  = "arXiv",
      primaryClass   = "astro-ph.CO",
      SLACcitation   = "%%CITATION = ARXIV:1705.08894;%%"
}

@article{Cyr-Racine:2013fsa,
	Archiveprefix = {arXiv},
	Author = {Cyr-Racine, Francis-Yan and de Putter, Roland and Raccanelli, Alvise and Sigurdson, Kris},
	Doi = {10.1103/PhysRevD.89.063517},
	Eprint = {1310.3278},
	Journal = {Phys. Rev.},
	Number = {6},
	Pages = {063517},
	Primaryclass = {astro-ph.CO},
	Slaccitation = {%%CITATION = ARXIV:1310.3278;%%},
	Title = {{Constraints on Large-Scale Dark Acoustic Oscillations from Cosmology}},
	Volume = {D89},
	Year = {2014},
	Bdsk-Url-1 = {http://dx.doi.org/10.1103/PhysRevD.89.063517}}

@article{Aarssen:2012fx,
	Archiveprefix = {arXiv},
	Author = {van den Aarssen, Laura G. and Bringmann, Torsten and Pfrommer, Christoph},
	Date-Modified = {2016-08-22 20:12:54 +0000},
	Doi = {10.1103/PhysRevLett.109.231301},
	Eprint = {1205.5809},
	Journal = {Phys. Rev. Lett.},
	Pages = {231301},
	Primaryclass = {astro-ph.CO},
	Slaccitation = {%%CITATION = ARXIV:1205.5809;%%},
	Title = {{Is dark matter with long-range interactions a solution to all small-scale problems of $\Lambda$ CDM cosmology?}},
	Volume = {109},
	Year = {2012},
	Bdsk-Url-1 = {http://dx.doi.org/10.1103/PhysRevLett.109.231301}}

@article{Buen-Abad:2015ova,
	Archiveprefix = {arXiv},
	Author = {Buen-Abad, Manuel A. and Marques-Tavares, Gustavo and Schmaltz, Martin},
	Date-Added = {2015-11-10 19:48:40 +0000},
	Date-Modified = {2015-11-10 19:48:40 +0000},
	Doi = {10.1103/PhysRevD.92.023531},
	Eprint = {1505.03542},
	Journal = {Phys. Rev.},
	Number = {2},
	Pages = {023531},
	Primaryclass = {hep-ph},
	Slaccitation = {%%CITATION = ARXIV:1505.03542;%%},
	Title = {{Non-Abelian dark matter and dark radiation}},
	Volume = {D92},
	Year = {2015},
	Bdsk-Url-1 = {http://dx.doi.org/10.1103/PhysRevD.92.023531}}

@article{Lesgourgues:2015wza,
	Archiveprefix = {arXiv},
	Author = {Lesgourgues, Julien and Marques-Tavares, Gustavo and Schmaltz, Martin},
	Date-Added = {2018-04-27 20:40:33 +0000},
	Date-Modified = {2018-04-27 20:40:33 +0000},
	Doi = {10.1088/1475-7516/2016/02/037},
	Eprint = {1507.04351},
	Journal = {JCAP},
	Number = {02},
	Pages = {037},
	Primaryclass = {astro-ph.CO},
	Slaccitation = {%%CITATION = ARXIV:1507.04351;%%},
	Title = {{Evidence for dark matter interactions in cosmological precision data?}},
	Volume = {1602},
	Year = {2016},
	Bdsk-Url-1 = {https://doi.org/10.1088/1475-7516/2016/02/037}}

@article{Chacko:2016kgg,
	Archiveprefix = {arXiv},
	Author = {Chacko, Zackaria and Cui, Yanou and Hong, Sungwoo and Okui, Takemichi and Tsai, Yuhsin},
	Date-Added = {2017-02-16 21:03:46 +0000},
	Date-Modified = {2017-02-16 21:03:46 +0000},
	Doi = {10.1007/JHEP12(2016)108},
	Eprint = {1609.03569},
	Journal = {JHEP},
	Pages = {108},
	Primaryclass = {astro-ph.CO},
	Slaccitation = {%%CITATION = ARXIV:1609.03569;%%},
	Title = {{Partially Acoustic Dark Matter, Interacting Dark Radiation, and Large Scale Structure}},
	Volume = {12},
	Year = {2016},
	Bdsk-Url-1 = {http://dx.doi.org/10.1007/JHEP12(2016)108}}
	
@article{Buen-Abad:2017gxg,
      author         = "Buen-Abad, Manuel A. and Schmaltz, Martin and
                        Lesgourgues, Julien and Brinckmann, Thejs",
      title          = "{Interacting Dark Sector and Precision Cosmology}",
      journal        = "JCAP",
      volume         = "1801",
      year           = "2018",
      number         = "01",
      pages          = "008",
      doi            = "10.1088/1475-7516/2018/01/008",
      eprint         = "1708.09406",
      archivePrefix  = "arXiv",
      primaryClass   = "astro-ph.CO",
      SLACcitation   = "%%CITATION = ARXIV:1708.09406;%%"
}

@article{Bullock:2017xww,
      author         = "Bullock, James S. and Boylan-Kolchin, Michael",
      title          = "{Small-Scale Challenges to the $\Lambda$CDM Paradigm}",
      journal        = "Ann. Rev. Astron. Astrophys.",
      volume         = "55",
      year           = "2017",
      pages          = "343-387",
      doi            = "10.1146/annurev-astro-091916-055313",
      eprint         = "1707.04256",
      archivePrefix  = "arXiv",
      primaryClass   = "astro-ph.CO",
      SLACcitation   = "%%CITATION = ARXIV:1707.04256;%%"
}

@article{Bashinsky:2003tk,
	Archiveprefix = {arXiv},
	Author = {Bashinsky, Sergei and Seljak, Uros},
	Doi = {10.1103/PhysRevD.69.083002},
	Eprint = {astro-ph/0310198},
	Journal = {Phys. Rev. D},
	Pages = {083002},
	Primaryclass = {astro-ph},
	Slaccitation = {%%CITATION = ASTRO-PH/0310198;%%},
	Title = {{Neutrino perturbations in CMB anisotropy and matter clustering}},
	Volume = {69},
	Year = {2004},
	Bdsk-Url-1 = {http://dx.doi.org/10.1103/PhysRevD.69.083002}}

@article{Follin:2015hya,
	Archiveprefix = {arXiv},
	Author = {Follin, Brent and Knox, Lloyd and Millea, Marius and Pan, Zhen},
	Date-Added = {2016-02-19 20:54:09 +0000},
	Date-Modified = {2016-02-19 20:54:09 +0000},
	Doi = {10.1103/PhysRevLett.115.091301},
	Eprint = {1503.07863},
	Journal = {Phys. Rev. Lett.},
	Number = {9},
	Pages = {091301},
	Primaryclass = {astro-ph.CO},
	Slaccitation = {%%CITATION = ARXIV:1503.07863;%%},
	Title = {{First Detection of the Acoustic Oscillation Phase Shift Expected from the Cosmic Neutrino Background}},
	Volume = {115},
	Year = {2015},
	Bdsk-Url-1 = {http://dx.doi.org/10.1103/PhysRevLett.115.091301}}

@article{Baumann:2015rya,
      author         = "Baumann, Daniel and Green, Daniel and Meyers, Joel and
                        Wallisch, Benjamin",
      title          = "{Phases of New Physics in the CMB}",
      journal        = "JCAP",
      volume         = "1601",
      year           = "2016",
      pages          = "007",
      doi            = "10.1088/1475-7516/2016/01/007",
      eprint         = "1508.06342",
      archivePrefix  = "arXiv",
      primaryClass   = "astro-ph.CO",
      SLACcitation   = "%%CITATION = ARXIV:1508.06342;%%"
}

@article{Kaplinghat:2015aga,
      author         = "Kaplinghat, Manoj and Tulin, Sean and Yu, Hai-Bo",
      title          = "{Dark Matter Halos as Particle Colliders: Unified
                        Solution to Small-Scale Structure Puzzles from Dwarfs to
                        Clusters}",
      journal        = "Phys. Rev. Lett.",
      volume         = "116",
      year           = "2016",
      number         = "4",
      pages          = "041302",
      doi            = "10.1103/PhysRevLett.116.041302",
      eprint         = "1508.03339",
      archivePrefix  = "arXiv",
      primaryClass   = "astro-ph.CO",
      SLACcitation   = "%%CITATION = ARXIV:1508.03339;%%"
}

@article{Tulin:2013teo,
	Archiveprefix = {arXiv},
	Author = {Tulin, Sean and Yu, Hai-Bo and Zurek, Kathryn M.},
	Doi = {10.1103/PhysRevD.87.115007},
	Eprint = {1302.3898},
	Journal = {Phys. Rev. D},
	Pages = {115007},
	Primaryclass = {hep-ph},
	Slaccitation = {%%CITATION = ARXIV:1302.3898;%%},
	Title = {{Beyond Collisionless Dark Matter: Particle Physics Dynamics for Dark Matter Halo Structure}},
	Volume = {87},
	Year = {2013},
	Bdsk-Url-1 = {http://dx.doi.org/10.1103/PhysRevD.87.115007}}

@article{Tulin:2012wi,
	Archiveprefix = {arXiv},
	Author = {Tulin, Sean and Yu, Hai-Bo and Zurek, Kathryn M.},
	Doi = {10.1103/PhysRevLett.110.111301},
	Eprint = {1210.0900},
	Journal = {Phys. Rev. Lett.},
	Pages = {111301},
	Primaryclass = {hep-ph},
	Reportnumber = {MCTP-12-27},
	Slaccitation = {%%CITATION = ARXIV:1210.0900;%%},
	Title = {{Resonant Dark Forces and Small Scale Structure}},
	Volume = {110},
	Year = {2013},
	Bdsk-Url-1 = {http://dx.doi.org/10.1103/PhysRevLett.110.111301}}
@article{Liu:2018uzy,
	Archiveprefix = {arXiv},
	Author = {Liu, Hongwan and Slatyer, Tracy R.},
	Date-Added = {2018-09-12 00:43:18 +0000},
	Date-Modified = {2018-09-12 00:43:18 +0000},
	Doi = {10.1103/PhysRevD.98.023501},
	Eprint = {1803.09739},
	Journal = {Phys. Rev.},
	Number = {2},
	Pages = {023501},
	Primaryclass = {astro-ph.CO},
	Reportnumber = {MIT-CTP/4996, MIT-CTP-4996},
	Slaccitation = {%%CITATION = ARXIV:1803.09739;%%},
	Title = {{Implications of a 21-cm signal for dark matter annihilation and decay}},
	Volume = {D98},
	Year = {2018},
	Bdsk-Url-1 = {http://dx.doi.org/10.1103/PhysRevD.98.023501}}
@article{Slatyer:2016qyl,
	Archiveprefix = {arXiv},
	Author = {Slatyer, Tracy R. and Wu, Chih-Liang},
	Doi = {10.1103/PhysRevD.95.023010},
	Eprint = {1610.06933},
	Journal = {Phys. Rev.},
	Number = {2},
	Pages = {023010},
	Primaryclass = {astro-ph.CO},
	Reportnumber = {MIT-CTP-4842},
	Slaccitation = {%%CITATION = ARXIV:1610.06933;%%},
	Title = {{General Constraints on Dark Matter Decay from the Cosmic Microwave Background}},
	Volume = {D95},
	Year = {2017},
	Bdsk-Url-1 = {http://dx.doi.org/10.1103/PhysRevD.95.023010}}
@article{Poulin:2016anj,
	Archiveprefix = {arXiv},
	Author = {Poulin, Vivian and Lesgourgues, Julien and Serpico, Pasquale D.},
	Doi = {10.1088/1475-7516/2017/03/043},
	Eprint = {1610.10051},
	Journal = {JCAP},
	Number = {03},
	Pages = {043},
	Primaryclass = {astro-ph.CO},
	Slaccitation = {%%CITATION = ARXIV:1610.10051;%%},
	Title = {{Cosmological constraints on exotic injection of electromagnetic energy}},
	Volume = {1703},
	Year = {2017},
	Bdsk-Url-1 = {http://dx.doi.org/10.1088/1475-7516/2017/03/043}}
@article{Evoli:2014pva,
	Archiveprefix = {arXiv},
	Author = {Evoli, Carmelo and Mesinger, Andrei and Ferrara, Andrea},
	Doi = {10.1088/1475-7516/2014/11/024},
	Eprint = {1408.1109},
	Journal = {JCAP},
	Number = {11},
	Pages = {024},
	Primaryclass = {astro-ph.HE},
	Slaccitation = {%%CITATION = ARXIV:1408.1109;%%},
	Title = {{Unveiling the nature of dark matter with high redshift 21 cm line experiments}},
	Volume = {1411},
	Year = {2014},
	Bdsk-Url-1 = {http://dx.doi.org/10.1088/1475-7516/2014/11/024}}
	@article{Poulin:2016nat,
      author         = "Poulin, Vivian and Serpico, Pasquale D. and Lesgourgues,
                        Julien",
      title          = "{A fresh look at linear cosmological constraints on a
                        decaying dark matter component}",
      journal        = "JCAP",
      volume         = "1608",
      year           = "2016",
      number         = "08",
      pages          = "036",
      doi            = "10.1088/1475-7516/2016/08/036",
      eprint         = "1606.02073",
      archivePrefix  = "arXiv",
      primaryClass   = "astro-ph.CO",
      reportNumber   = "LAPTH-027-16",
      SLACcitation   = "%%CITATION = ARXIV:1606.02073;%%"
}
@article{Lopez-Honorez:2016sur,
      author         = "Lopez-Honorez, Laura and Mena, Olga and Molin/'e, /'Angeles
                        and Palomares-Ruiz, Sergio and Vincent, Aaron C.",
      title          = "{The 21 cm signal and the interplay between dark matter
                        annihilations and astrophysical processes}",
      journal        = "JCAP",
      volume         = "1608",
      year           = "2016",
      number         = "08",
      pages          = "004",
      doi            = "10.1088/1475-7516/2016/08/004",
      eprint         = "1603.06795",
      archivePrefix  = "arXiv",
      primaryClass   = "astro-ph.CO",
      reportNumber   = "CFTP-16-007, IFIC-16-16, IPPP-16-20",
      SLACcitation   = "%%CITATION = ARXIV:1603.06795;%%"
}
@article{Furlanetto:2006wp,
	Archiveprefix = {arXiv},
	Author = {Furlanetto, Steven R. and Oh, S. Peng and Pierpaoli, Elena},
	Doi = {10.1103/PhysRevD.74.103502},
	Eprint = {astro-ph/0608385},
	Journal = {Phys. Rev.},
	Pages = {103502},
	Primaryclass = {astro-ph},
	Slaccitation = {%%CITATION = ASTRO-PH/0608385;%%},
	Title = {{The Effects of Dark Matter Decay and Annihilation on the High-Redshift 21 cm Background}},
	Volume = {D74},
	Year = {2006},
	Bdsk-Url-1 = {http://dx.doi.org/10.1103/PhysRevD.74.103502}}
@article{Valdes:2007cu,
	Archiveprefix = {arXiv},
	Author = {Valdes, Marcos and Ferrara, A. and Mapelli, M. and Ripamonti, E.},
	Doi = {10.1111/j.1365-2966.2007.11594.x},
	Eprint = {astro-ph/0701301},
	Journal = {Mon. Not. Roy. Astron. Soc.},
	Pages = {245-252},
	Primaryclass = {astro-ph},
	Slaccitation = {%%CITATION = ASTRO-PH/0701301;%%},
	Title = {{Constraining DM through 21 cm observations}},
	Volume = {377},
	Year = {2007},
	Bdsk-Url-1 = {http://dx.doi.org/10.1111/j.1365-2966.2007.11594.x}}
@article{Padmanabhan:2005es,
author = {Padmanabhan, Nikhil and Finkbeiner, Douglas P},
journal = {Phys. Rev.},
pages = {23508},
title = {{Detecting Dark Matter Annihilation with CMB Polarization: Signatures and Experimental Prospects}},
volume = {D72},
year = {2005}
}

@article{Dvorkin:2013cga,
      author         = "Dvorkin, Cora and Blum, Kfir and Zaldarriaga, Matias",
      title          = "{Perturbed Recombination from Dark Matter Annihilation}",
      journal        = "Phys. Rev.",
      volume         = "D87",
      year           = "2013",
      number         = "10",
      pages          = "103522",
      doi            = "10.1103/PhysRevD.87.103522",
      eprint         = "1302.4753",
      archivePrefix  = "arXiv",
      primaryClass   = "astro-ph.CO",
      SLACcitation   = "%%CITATION = ARXIV:1302.4753;%%"
}

@article{Chen:2003gz,
author = {Chen, Xue-Lei and Kamionkowski, Marc},
journal = {Phys. Rev.},
pages = {43502},
title = {{Particle decays during the cosmic dark ages}},
volume = {D70},
year = {2004}
}
@article{Slatyer:2015jla,
      author         = "Slatyer, Tracy R.",
      title          = "{Indirect dark matter signatures in the cosmic dark ages.
                        I. Generalizing the bound on s-wave dark matter
                        annihilation from Planck results}",
      journal        = "Phys. Rev.",
      volume         = "D93",
      year           = "2016",
      number         = "2",
      pages          = "023527",
      doi            = "10.1103/PhysRevD.93.023527",
      eprint         = "1506.03811",
      archivePrefix  = "arXiv",
      primaryClass   = "hep-ph",
      reportNumber   = "MIT-CTP-4682",
      SLACcitation   = "%%CITATION = ARXIV:1506.03811;%%"
}
@article{Adams:1998nr,
      author         = "Adams, Jennifer A. and Sarkar, Subir and Sciama, D. W.",
      title          = "{CMB anisotropy in the decaying neutrino cosmology}",
      journal        = "Mon. Not. Roy. Astron. Soc.",
      volume         = "301",
      year           = "1998",
      pages          = "210-214",
      doi            = "10.1046/j.1365-8711.1998.02017.x",
      eprint         = "astro-ph/9805108",
      archivePrefix  = "arXiv",
      primaryClass   = "astro-ph",
      reportNumber   = "UUITP-1-98, OUTP-98-24-P, SISSA-37-98-A",
      SLACcitation   = "%%CITATION = ASTRO-PH/9805108;%%"
}
@article{Schon:2014xoa,
      author         = "Schön, Sarah and Mack, Katherine J. and Avram, Cassandra
                        A. and Wyithe, J. Stuart B. and Barberio, Elisabetta",
      title          = "{Dark matter annihilation in the first galaxy haloes}",
      journal        = "Mon. Not. Roy. Astron. Soc.",
      volume         = "451",
      year           = "2015",
      number         = "3",
      pages          = "2840-2850",
      doi            = "10.1093/mnras/stv1056",
      eprint         = "1411.3783",
      archivePrefix  = "arXiv",
      primaryClass   = "astro-ph.CO",
      SLACcitation   = "%%CITATION = ARXIV:1411.3783;%%"
}
@article{Chluba:2013wsa,
      author         = "Chluba, Jens",
      title          = "{Distinguishing different scenarios of early energy
                        release with spectral distortions of the cosmic microwave
                        background}",
      journal        = "Mon. Not. Roy. Astron. Soc.",
      volume         = "436",
      year           = "2013",
      pages          = "2232-2243",
      doi            = "10.1093/mnras/stt1733",
      eprint         = "1304.6121",
      archivePrefix  = "arXiv",
      primaryClass   = "astro-ph.CO",
      SLACcitation   = "%%CITATION = ARXIV:1304.6121;%%"
}
@article{Chluba:2016bvg,
      author         = "Chluba, Jens",
      title          = "{Which spectral distortions does $\Lambda$CDM actually
                        predict?}",
      journal        = "Mon. Not. Roy. Astron. Soc.",
      volume         = "460",
      year           = "2016",
      number         = "1",
      pages          = "227-239",
      doi            = "10.1093/mnras/stw945",
      eprint         = "1603.02496",
      archivePrefix  = "arXiv",
      primaryClass   = "astro-ph.CO",
      SLACcitation   = "%%CITATION = ARXIV:1603.02496;%%"
}
@article{Slatyer:2015kla,
	Archiveprefix = {arXiv},
	Author = {Slatyer, Tracy R.},
	Doi = {10.1103/PhysRevD.93.023521},
	Eprint = {1506.03812},
	Journal = {Phys. Rev.},
	Number = {2},
	Pages = {023521},
	Primaryclass = {astro-ph.CO},
	Reportnumber = {MIT-CTP-4683},
	Slaccitation = {%%CITATION = ARXIV:1506.03812;%%},
	Title = {{Indirect Dark Matter Signatures in the Cosmic Dark Ages II. Ionization, Heating and Photon Production from Arbitrary Energy Injections}},
	Volume = {D93},
	Year = {2016},
	Bdsk-Url-1 = {http://dx.doi.org/10.1103/PhysRevD.93.023521}}
	
@ARTICLE{AliHaimoud_15,
   author = {{Ali-Ha{\"i}moud}, Y. and {Chluba}, J. and {Kamionkowski}, M.
	},
    title = "{Constraints on Dark Matter Interactions with Standard Model Particles from Cosmic Microwave Background Spectral Distortions}",
  journal = {Physical Review Letters},
archivePrefix = "arXiv",
   eprint = {1506.04745},
 keywords = {Dark matter, Other particles, Background radiations},
     year = 2015,
    month = aug,
   volume = 115,
   number = 7,
      eid = {071304},
    pages = {071304},
      doi = {10.1103/PhysRevLett.115.071304},
   adsurl = {http://adsabs.harvard.edu/abs/2015PhRvL.115g1304A},
  adsnote = {Provided by the SAO/NASA Astrophysics Data System}
}

@ARTICLE{Fixsen_96,
   author = {{Fixsen}, D.~J. and {Cheng}, E.~S. and {Gales}, J.~M. and {Mather}, J.~C. and 
	{Shafer}, R.~A. and {Wright}, E.~L.},
    title = "{The Cosmic Microwave Background Spectrum from the Full COBE FIRAS Data Set}",
  journal = {\apj},
   eprint = {astro-ph/9605054},
 keywords = {COSMOLOGY: COSMIC MICROWAVE BACKGROUND, COSMOLOGY: OBSERVATIONS},
     year = 1996,
    month = dec,
   volume = 473,
    pages = {576},
      doi = {10.1086/178173},
   adsurl = {http://adsabs.harvard.edu/abs/1996ApJ...473..576F},
  adsnote = {Provided by the SAO/NASA Astrophysics Data System}
}

@ARTICLE{Kogut_11,
   author = {{Kogut}, A. and {Fixsen}, D.~J. and {Chuss}, D.~T. and {Dotson}, J. and 
	{Dwek}, E. and {Halpern}, M. and {Hinshaw}, G.~F. and {Meyer}, S.~M. and 
	{Moseley}, S.~H. and {Seiffert}, M.~D. and {Spergel}, D.~N. and 
	{Wollack}, E.~J.},
    title = "{The Primordial Inflation Explorer (PIXIE): a nulling polarimeter for cosmic microwave background observations}",
  journal = {\jcap},
archivePrefix = "arXiv",
   eprint = {1105.2044},
     year = 2011,
    month = jul,
   volume = 7,
      eid = {025},
    pages = {025},
      doi = {10.1088/1475-7516/2011/07/025},
   adsurl = {http://adsabs.harvard.edu/abs/2011JCAP...07..025K},
  adsnote = {Provided by the SAO/NASA Astrophysics Data System}
}

@ARTICLE{Hu_96,
   author = {{Hu}, W. and {Silk}, J.},
    title = "{Thermalization and spectral distortions of the cosmic background radiation}",
  journal = {\prd},
 keywords = {Background radiations, Particle-theory and field-theory models of the early Universe, Observational cosmology},
     year = 1993,
    month = jul,
   volume = 48,
    pages = {485-502},
      doi = {10.1103/PhysRevD.48.485},
   adsurl = {http://adsabs.harvard.edu/abs/1993PhRvD..48..485H},
  adsnote = {Provided by the SAO/NASA Astrophysics Data System}
}

@ARTICLE{Chluba_13,
   author = {{Chluba}, J.},
    title = "{Green's function of the cosmological thermalization problem}",
  journal = {\mnras},
archivePrefix = "arXiv",
   eprint = {1304.6120},
 keywords = {cosmology: observations, cosmology: theory},
     year = 2013,
    month = sep,
   volume = 434,
    pages = {352-357},
      doi = {10.1093/mnras/stt1025},
   adsurl = {http://adsabs.harvard.edu/abs/2013MNRAS.434..352C},
  adsnote = {Provided by the SAO/NASA Astrophysics Data System}
}

@ARTICLE{Breysse_18,
   author = {{Breysse}, P.~C. and {Ali-Ha{\"i}moud}, Y. and {Hirata}, C.~M.
	},
    title = "{Ultimate frontier of 21-cm cosmology}",
  journal = {\prd},
archivePrefix = "arXiv",
   eprint = {1804.10626},
     year = 2018,
    month = aug,
   volume = 98,
   number = 4,
      eid = {043520},
    pages = {043520},
      doi = {10.1103/PhysRevD.98.043520},
   adsurl = {http://adsabs.harvard.edu/abs/2018PhRvD..98d3520B},
  adsnote = {Provided by the SAO/NASA Astrophysics Data System}
}

@ARTICLE{Loeb_04,
   author = {{Loeb}, A. and {Zaldarriaga}, M.},
    title = "{Measuring the Small-Scale Power Spectrum of Cosmic Density Fluctuations through 21cm Tomography Prior to the Epoch of Structure Formation}",
  journal = {Physical Review Letters},
   eprint = {astro-ph/0312134},
 keywords = {Background radiations, Radiative transfer, scattering, Galaxy groups clusters and superclusters, large scale structure of the Universe, Observational cosmology},
     year = 2004,
    month = may,
   volume = 92,
   number = 21,
      eid = {211301},
    pages = {211301},
      doi = {10.1103/PhysRevLett.92.211301},
   adsurl = {http://adsabs.harvard.edu/abs/2004PhRvL..92u1301L},
  adsnote = {Provided by the SAO/NASA Astrophysics Data System}
}

@ARTICLE{Tseliakhovich_10,
   author = {{Tseliakhovich}, D. and {Hirata}, C.},
    title = "{Relative velocity of dark matter and baryonic fluids and the formation of the first structures}",
  journal = {\prd},
archivePrefix = "arXiv",
   eprint = {1005.2416},
 keywords = {Superclusters, large-scale structure of the Universe, Observational cosmology},
     year = 2010,
    month = oct,
   volume = 82,
   number = 8,
      eid = {083520},
    pages = {083520},
      doi = {10.1103/PhysRevD.82.083520},
   adsurl = {http://adsabs.harvard.edu/abs/2010PhRvD..82h3520T},
  adsnote = {Provided by the SAO/NASA Astrophysics Data System}
}


@ARTICLE{AliHaimoud_14,
   author = {{Ali-Ha{\"i}moud}, Y. and {Meerburg}, P.~D. and {Yuan}, S.},
    title = "{New light on 21 cm intensity fluctuations from the dark ages}",
  journal = {\prd},
archivePrefix = "arXiv",
   eprint = {1312.4948},
 keywords = {Cosmology},
     year = 2014,
    month = apr,
   volume = 89,
   number = 8,
      eid = {083506},
    pages = {083506},
      doi = {10.1103/PhysRevD.89.083506},
   adsurl = {http://adsabs.harvard.edu/abs/2014PhRvD..89h3506A},
  adsnote = {Provided by the SAO/NASA Astrophysics Data System}
}

@ARTICLE{Tashiro_14,
   author = {{Tashiro}, H. and {Kadota}, K. and {Silk}, J.},
    title = "{Effects of dark matter-baryon scattering on redshifted 21 cm signals}",
  journal = {\prd},
archivePrefix = "arXiv",
   eprint = {1408.2571},
 keywords = {Dark matter, Background radiations, Observational cosmology},
     year = 2014,
    month = oct,
   volume = 90,
   number = 8,
      eid = {083522},
    pages = {083522},
      doi = {10.1103/PhysRevD.90.083522},
   adsurl = {http://adsabs.harvard.edu/abs/2014PhRvD..90h3522T},
  adsnote = {Provided by the SAO/NASA Astrophysics Data System}
}

@ARTICLE{Munoz_15,
   author = {{Mu{\~n}oz}, J.~B. and {Kovetz}, E.~D. and {Ali-Ha{\"i}moud}, Y.
	},
    title = "{Heating of baryons due to scattering with dark matter during the dark ages}",
  journal = {\prd},
archivePrefix = "arXiv",
   eprint = {1509.00029},
 keywords = {Dark matter, Cosmology},
     year = 2015,
    month = oct,
   volume = 92,
   number = 8,
      eid = {083528},
    pages = {083528},
      doi = {10.1103/PhysRevD.92.083528},
   adsurl = {http://adsabs.harvard.edu/abs/2015PhRvD..92h3528M},
  adsnote = {Provided by the SAO/NASA Astrophysics Data System}
}

@ARTICLE{Barkana_18,
   author = {{Barkana}, R.},
    title = "{Possible interaction between baryons and dark-matter particles revealed by the first stars}",
  journal = {\nat},
archivePrefix = "arXiv",
   eprint = {1803.06698},
     year = 2018,
    month = mar,
   volume = 555,
    pages = {71-74},
      doi = {10.1038/nature25791},
   adsurl = {http://adsabs.harvard.edu/abs/2018Natur.555...71B},
  adsnote = {Provided by the SAO/NASA Astrophysics Data System}
}

@ARTICLE{Fialkov_18,
   author = {{Fialkov}, A. and {Barkana}, R. and {Cohen}, A.},
    title = "{Constraining Baryon-Dark-Matter Scattering with the Cosmic Dawn 21-cm Signal}",
  journal = {Physical Review Letters},
archivePrefix = "arXiv",
   eprint = {1802.10577},
     year = 2018,
    month = jul,
   volume = 121,
   number = 1,
      eid = {011101},
    pages = {011101},
      doi = {10.1103/PhysRevLett.121.011101},
   adsurl = {http://adsabs.harvard.edu/abs/2018PhRvL.121a1101F},
  adsnote = {Provided by the SAO/NASA Astrophysics Data System}
}

@ARTICLE{Munoz_18,
   author = {{Mu{\~n}oz}, J.~B. and {Dvorkin}, C. and {Loeb}, A.},
    title = "{21-cm Fluctuations from Charged Dark Matter}",
  journal = {Physical Review Letters},
archivePrefix = "arXiv",
   eprint = {1804.01092},
     year = 2018,
    month = sep,
   volume = 121,
   number = 12,
      eid = {121301},
    pages = {121301},
      doi = {10.1103/PhysRevLett.121.121301},
   adsurl = {http://adsabs.harvard.edu/abs/2018PhRvL.121l1301M},
  adsnote = {Provided by the SAO/NASA Astrophysics Data System}
}
@article{Boehm:2001hm,
	Archiveprefix = {arXiv},
	Author = {Boehm, Celine and Riazuelo, Alain and Hansen, Steen H. and Schaeffer, Richard},
	Doi = {10.1103/PhysRevD.66.083505},
	Eprint = {astro-ph/0112522},
	Journal = {Phys. Rev. D},
	Pages = {083505},
	Primaryclass = {astro-ph},
	Reportnumber = {SACLAY-SPH-T-01-147},
	Slaccitation = {%%CITATION = ASTRO-PH/0112522;%%},
	Title = {{Interacting dark matter disguised as warm dark matter}},
	Volume = {66},
	Year = {2002},
	Bdsk-Url-1 = {http://dx.doi.org/10.1103/PhysRevD.66.083505}}

@article{Abazajian:2016yjj,
	Archiveprefix = {arXiv},
	Author = {Abazajian, Kevork N. and others},
	Collaboration = {CMB-S4},
	Date-Added = {2017-02-16 20:32:36 +0000},
	Date-Modified = {2017-02-16 20:32:36 +0000},
	Eprint = {1610.02743},
	Primaryclass = {astro-ph.CO},
	Reportnumber = {FERMILAB-FN-1024-A-AE},
	Slaccitation = {%%CITATION = ARXIV:1610.02743;%%},
	Title = {{CMB-S4 Science Book, First Edition}},
	Year = {2016}}

@article{Arkani-Hamed:2016rle,
      author         = "Arkani-Hamed, Nima and Cohen, Timothy and D'Agnolo,
                        Raffaele Tito and Hook, Anson and Kim, Hyung Do and
                        Pinner, David",
      title          = "{Solving the Hierarchy Problem at Reheating with a Large
                        Number of Degrees of Freedom}",
      journal        = "Phys. Rev. Lett.",
      volume         = "117",
      year           = "2016",
      number         = "25",
      pages          = "251801",
      doi            = "10.1103/PhysRevLett.117.251801",
      eprint         = "1607.06821",
      archivePrefix  = "arXiv",
      primaryClass   = "hep-ph",
      SLACcitation   = "%%CITATION = ARXIV:1607.06821;%%"
}

@article{Chacko:2018vss,
      author         = "Chacko, Zackaria and Curtin, David and Geller, Michael
                        and Tsai, Yuhsin",
      title          = "{Cosmological Signatures of a Mirror Twin Higgs}",
      journal        = "JHEP",
      volume         = "09",
      year           = "2018",
      pages          = "163",
      doi            = "10.1007/JHEP09(2018)163",
      eprint         = "1803.03263",
      archivePrefix  = "arXiv",
      primaryClass   = "hep-ph",
      reportNumber   = "FERMILAB-PUB-18-075-T",
      SLACcitation   = "%%CITATION = ARXIV:1803.03263;%%"
}

@article{Boddy:2018kfv,
      author         = "Boddy, Kimberly K. and Gluscevic, Vera",
      title          = "{First Cosmological Constraint on the Effective Theory of
                        Dark Matter-Proton Interactions}",
      journal        = "Phys. Rev.",
      volume         = "D98",
      year           = "2018",
      number         = "8",
      pages          = "083510",
      doi            = "10.1103/PhysRevD.98.083510",
      eprint         = "1801.08609",
      archivePrefix  = "arXiv",
      primaryClass   = "astro-ph.CO",
      SLACcitation   = "%%CITATION = ARXIV:1801.08609;%%"
}

@article{Gluscevic:2017ywp,
      author         = "Gluscevic, Vera and Boddy, Kimberly K.",
      title          = "{Constraints on Scattering of keV–TeV Dark Matter with
                        Protons in the Early Universe}",
      journal        = "Phys. Rev. Lett.",
      volume         = "121",
      year           = "2018",
      number         = "8",
      pages          = "081301",
      doi            = "10.1103/PhysRevLett.121.081301",
      eprint         = "1712.07133",
      archivePrefix  = "arXiv",
      primaryClass   = "astro-ph.CO",
      SLACcitation   = "%%CITATION = ARXIV:1712.07133;%%"
}

@article{Boddy:2018wzy,
      author         = "Boddy, Kimberly K. and Gluscevic, Vera and Poulin, Vivian
                        and Kovetz, Ely D. and Kamionkowski, Marc and Barkana,
                        Rennan",
      title          = "{A Critical Assessment of CMB Limits on Dark
                        Matter-Baryon Scattering: New Treatment of the Relative
                        Bulk Velocity}",
      year           = "2018",
      eprint         = "1808.00001",
      archivePrefix  = "arXiv",
      primaryClass   = "astro-ph.CO",
      SLACcitation   = "%%CITATION = ARXIV:1808.00001;%%"
}

@article{Li:2018zdm,
      author         = "Li, Zack and Gluscevic, Vera and Boddy, Kimberly K. and
                        Madhavacheril, Mathew S.",
      title          = "{Disentangling Dark Physics with Cosmic Microwave
                        Background Experiments}",
      year           = "2018",
      eprint         = "1806.10165",
      archivePrefix  = "arXiv",
      primaryClass   = "astro-ph.CO",
      SLACcitation   = "%%CITATION = ARXIV:1806.10165;%%"
}

@article{Slatyer:2018aqg,
      author         = "Slatyer, Tracy R. and Wu, Chih-Liang",
      title          = "{Early-Universe constraints on dark matter-baryon
                        scattering and their implications for a global 21 cm
                        signal}",
      journal        = "Phys. Rev.",
      volume         = "D98",
      year           = "2018",
      number         = "2",
      pages          = "023013",
      doi            = "10.1103/PhysRevD.98.023013",
      eprint         = "1803.09734",
      archivePrefix  = "arXiv",
      primaryClass   = "astro-ph.CO",
      reportNumber   = "MIT-CTP/4995, MIT-CTP-4995",
      SLACcitation   = "%%CITATION = ARXIV:1803.09734;%%"
}

@article{Fan:2010gt,
      author         = "Fan, JiJi and Reece, Matthew and Wang, Lian-Tao",
      title          = "{Non-relativistic effective theory of dark matter direct
                        detection}",
      journal        = "JCAP",
      volume         = "1011",
      year           = "2010",
      pages          = "042",
      doi            = "10.1088/1475-7516/2010/11/042",
      eprint         = "1008.1591",
      archivePrefix  = "arXiv",
      primaryClass   = "hep-ph",
      SLACcitation   = "%%CITATION = ARXIV:1008.1591;%%"
}

@article{Fitzpatrick:2012ix,
      author         = "Fitzpatrick, A. Liam and Haxton, Wick and Katz, Emanuel
                        and Lubbers, Nicholas and Xu, Yiming",
      title          = "{The Effective Field Theory of Dark Matter Direct
                        Detection}",
      journal        = "JCAP",
      volume         = "1302",
      year           = "2013",
      pages          = "004",
      doi            = "10.1088/1475-7516/2013/02/004",
      eprint         = "1203.3542",
      archivePrefix  = "arXiv",
      primaryClass   = "hep-ph",
      SLACcitation   = "%%CITATION = ARXIV:1203.3542;%%"
}

@article{Anand:2013yka,
      author         = "Anand, Nikhil and Fitzpatrick, A. Liam and Haxton, W. C.",
      title          = "{Weakly interacting massive particle-nucleus elastic
                        scattering response}",
      journal        = "Phys. Rev.",
      volume         = "C89",
      year           = "2014",
      number         = "6",
      pages          = "065501",
      doi            = "10.1103/PhysRevC.89.065501",
      eprint         = "1308.6288",
      archivePrefix  = "arXiv",
      primaryClass   = "hep-ph",
      SLACcitation   = "%%CITATION = ARXIV:1308.6288;%%"
}

@article{Dent:2015zpa,
      author         = "Dent, James B. and Krauss, Lawrence M. and Newstead,
                        Jayden L. and Sabharwal, Subir",
      title          = "{General analysis of direct dark matter detection: From
                        microphysics to observational signatures}",
      journal        = "Phys. Rev.",
      volume         = "D92",
      year           = "2015",
      number         = "6",
      pages          = "063515",
      doi            = "10.1103/PhysRevD.92.063515",
      eprint         = "1505.03117",
      archivePrefix  = "arXiv",
      primaryClass   = "hep-ph",
      SLACcitation   = "%%CITATION = ARXIV:1505.03117;%%"
}

@article{Wilkinson:2014ksa,
      author         = "Wilkinson, Ryan J. and Boehm, Celine and Lesgourgues,
                        Julien",
      title          = "{Constraining Dark Matter-Neutrino Interactions using the
                        CMB and Large-Scale Structure}",
      journal        = "JCAP",
      volume         = "1405",
      year           = "2014",
      pages          = "011",
      doi            = "10.1088/1475-7516/2014/05/011",
      eprint         = "1401.7597",
      archivePrefix  = "arXiv",
      primaryClass   = "astro-ph.CO",
      reportNumber   = "IPPP-14-03, DCPT-14-06, CERN-PH-TH-2014-013,
                        LAPTH-006-14",
      SLACcitation   = "%%CITATION = ARXIV:1401.7597;%%"
}

@article{Escudero:2015yka,
      author         = "Escudero, Miguel and Mena, Olga and Vincent, Aaron C. and
                        Wilkinson, Ryan J. and Bœhm, Céline",
      title          = "{Exploring dark matter microphysics with galaxy surveys}",
      journal        = "JCAP",
      volume         = "1509",
      year           = "2015",
      number         = "09",
      pages          = "034",
      doi            = "10.1088/1475-7516/2015/9/034,
                        10.1088/1475-7516/2015/09/034",
      eprint         = "1505.06735",
      archivePrefix  = "arXiv",
      primaryClass   = "astro-ph.CO",
      reportNumber   = "IFIC-15-32, IPPP-15-29, DCPT-15-58",
      SLACcitation   = "%%CITATION = ARXIV:1505.06735;%%"
}

@article{DiValentino:2017oaw,
      author         = "Di Valentino, Eleonora and Bøehm, Céline and Hivon,
                        Eric and Bouchet, François R.",
      title          = "{Reducing the $H_0$ and $\sigma_8$ tensions with Dark
                        Matter-neutrino interactions}",
      journal        = "Phys. Rev.",
      volume         = "D97",
      year           = "2018",
      number         = "4",
      pages          = "043513",
      doi            = "10.1103/PhysRevD.97.043513",
      eprint         = "1710.02559",
      archivePrefix  = "arXiv",
      primaryClass   = "astro-ph.CO",
      SLACcitation   = "%%CITATION = ARXIV:1710.02559;%%"
}

@article{Diacoumis:2018ezi,
      author         = "Diacoumis, James A. D. and Wong, Yvonne.Y. Y.",
      title          = "{Prior dependence of cosmological constraints on dark
                        matter-radiation interactions}",
      year           = "2018",
      eprint         = "1811.11408",
      archivePrefix  = "arXiv",
      primaryClass   = "astro-ph.CO",
      SLACcitation   = "%%CITATION = ARXIV:1811.11408;%%"
}

@article{Boehm:2000gq,
      author         = "Boehm, C. and Fayet, Pierre and Schaeffer, R.",
      title          = "{Constraining dark matter candidates from structure
                        formation}",
      journal        = "Phys. Lett.",
      volume         = "B518",
      year           = "2001",
      pages          = "8-14",
      doi            = "10.1016/S0370-2693(01)01060-7",
      eprint         = "astro-ph/0012504",
      archivePrefix  = "arXiv",
      primaryClass   = "astro-ph",
      SLACcitation   = "%%CITATION = ASTRO-PH/0012504;%%"
}

@article{Mangano:2006mp,
      author         = "Mangano, Gianpiero and Melchiorri, Alessandro and Serra,
                        Paolo and Cooray, Asantha and Kamionkowski, Marc",
      title          = "{Cosmological bounds on dark matter-neutrino
                        interactions}",
      journal        = "Phys. Rev.",
      volume         = "D74",
      year           = "2006",
      pages          = "043517",
      doi            = "10.1103/PhysRevD.74.043517",
      eprint         = "astro-ph/0606190",
      archivePrefix  = "arXiv",
      primaryClass   = "astro-ph",
      SLACcitation   = "%%CITATION = ASTRO-PH/0606190;%%"
}

@article{Serra:2009uu,
      author         = "Serra, Paolo and Zalamea, Federico and Cooray, Asantha
                        and Mangano, Gianpiero and Melchiorri, Alessandro",
      title          = "{Constraints on neutrino -- dark matter interactions from
                        cosmic microwave background and large scale structure
                        data}",
      journal        = "Phys. Rev.",
      volume         = "D81",
      year           = "2010",
      pages          = "043507",
      doi            = "10.1103/PhysRevD.81.043507",
      eprint         = "0911.4411",
      archivePrefix  = "arXiv",
      primaryClass   = "astro-ph.CO",
      SLACcitation   = "%%CITATION = ARXIV:0911.4411;%%"
}
@ARTICLE{2019arXiv190201055D,
       author = {{Drlica-Wagner}, Alex and {Mao}, Yao-Yuan and {Adhikari}, Susmita and
         {Armstrong}, Robert and {Banerjee}, Arka and {Banik}, Nilanjan and
         {Bechtol}, Keith and {Bird}, Simeon and {Boddy}, Kimberly K. and
         {Bonaca}, Ana and {Bovy}, Jo and {Buckley}, Matthew R. and
         {Bulbul}, Esra and {Chang}, Chihway and {Chapline}, George and
         {Cohen-Tanugi}, Johann and {Cuoco}, Alessandro and
         {Cyr-Racine}, Francis-Yan and {Dawson}, William A. and
         {D{\'\i}az Rivero}, Ana and {Dvorkin}, Cora and {Erkal}, Denis and
         {Fassnacht}, Christopher D. and {Garc{\'\i}a-Bellido}, Juan and
         {Giannotti}, Maurizio and {Gluscevic}, Vera and {Golovich}, Nathan and
         {Hendel}, David and {Hezaveh}, Yashar D. and {Horiuchi}, Shunsaku and
         {Jee}, M. James and {Kaplinghat}, Manoj and {Keeton}, Charles R. and
         {Koposov}, Sergey E. and {Li}, Ting S. and {Mandelbaum}, Rachel and
         {McDermott}, Samuel D. and {McNanna}, Mitch and {Medford}, Michael and
         {Meyer}, Manuel and {Marc}, Moniez and {Murgia}, Simona and
         {Nadler}, Ethan O. and {Necib}, Lina and {Nuss}, Eric and
         {Pace}, Andrew B. and {Peter}, Annika H.~G. and {Polin}, Daniel A. and
         {Prescod-Weinstein}, Chanda and {Read}, Justin I. and
         {Rosenfeld}, Rogerio and {Shipp}, Nora and {Simon}, Joshua D. and
         {Slatyer}, Tracy R. and {Straniero}, Oscar and {Strigari}, Louis E. and
         {Tollerud}, Erik and {Tyson}, J. Anthony and {Wang}, Mei-Yu and
         {Wechsler}, Risa H. and {Wittman}, David and {Yu}, Hai-Bo and
         {Zaharijas}, Gabrijela and {Ali-Ha{\"\i}moud}, Yacine and
         {Annis}, James and {Birrer}, Simon and {Biswas}, Rahul and
         {Blazek}, Jonathan and {Brooks}, Alyson M. and
         {Buckley-Geer}, Elizabeth and {Caputo}, Regina and {Charles}, Eric and
         {Digel}, Seth and {Dodelson}, Scott and {Flaugher}, Brenna and
         {Frieman}, Joshua and {Gawiser}, Eric and {Hearin}, Andrew P. and
         {Hlo{\v{z}}ek}, Renee and {Jain}, Bhuvnesh and {Jeltema}, Tesla E. and
         {Koushiappas}, Savvas M. and {Lisanti}, Mariangela and
         {LoVerde}, Marilena and {Mishra-Sharma}, Siddharth and
         {Newman}, Jeffrey A. and {Nord}, Brian and {Nourbakhsh}, Erfan and
         {Ritz}, Steven and {Robertson}, Brant E. and
         {S{\'a}nchez-Conde}, Miguel A. and {Slosar}, An{\v{z}}e and
         {Tait}, Tim M.~P. and {Verma}, Aprajita and {Vilalta}, Ricardo and
         {Walter}, Christopher W. and {Yanny}, Brian and {Zentner}, Andrew R.},
        title = "{Probing the Fundamental Nature of Dark Matter with the Large Synoptic Survey Telescope}",
      journal = {arXiv e-prints},
     keywords = {Astrophysics - Cosmology and Nongalactic Astrophysics, Astrophysics - Astrophysics of Galaxies, Astrophysics - High Energy Astrophysical Phenomena, High Energy Physics - Experiment, High Energy Physics - Phenomenology},
         year = "2019",
        month = "Feb",
          eid = {arXiv:1902.01055},
        pages = {arXiv:1902.01055},
archivePrefix = {arXiv},
       eprint = {1902.01055},
 primaryClass = {astro-ph.CO},
       adsurl = {https://ui.adsabs.harvard.edu/\#abs/2019arXiv190201055D},
      adsnote = {Provided by the SAO/NASA Astrophysics Data System}
}

